@online{cursera.nlp,
  title = {Обработка текстов, написанных на естественных языках},
  url   = {https://www.coursera.org/learn/language-processing}
}
@online{docs.celery,
  title = {Celery - Distributed Task Queue},
  url   = {http://docs.celeryproject.org/en/latest/index.html}
}
@online{docs.django,
  title = {Django documentation},
  url   = {https://docs.djangoproject.com/en/3.0/}
}
@online{docs.python,
  title = {Python 3.8.2 documentation},
  url   = {https://docs.python.org/3/}
}
@online{postgres.stepic,
  title = {Погружение в СУБД. Сезон 2017.},
  url   = {https://stepik.org/course/3203/promo}
}
